@online{KLEE2020Prelude,
  author = {Klee, Bradley J.},
  title = {Prelude to a Well-Integrable Function Theory},
  year = {2020},
  url = {https://github.com/bradklee/Dissertation/blob/master/Prelude/Prelude.pdf},
}

@online{KLEE2020Pendulum,
  author = {Klee, Bradley J.},
  title = {An Alternative Theory of Simple Pendulum Libration},
  year = {2020},
  url = {https://github.com/bradklee/Dissertation/tree/master/SimplePendulum},
}

@article{SINGH1936,
  title={On the use of series in {H}indu mathematics},
  author={Singh, Avadhesh Narayan},
  journal={Osiris},
  volume={1},
  pages={606--628},
  year={1936}
  }

@online{MADHAVAVID,
  author = {P. Divakaran, P.T. Ramachandran},
  title = {Interface: {M}adhava the Mathematician},
  year = {2020},
  url = {https://www.youtube.com/watch?v=SydKJIQMgsY},
}

@article{ROY1990,
  title={The discovery of the series formula for $\pi$ by {L}eibniz, {G}regory and {N}ilakantha},
  author={Roy, R.},
  journal={Mathematics Magazine},
  volume={63},
  number={5},
  pages={291--306},
  year={1990},
  publisher={Taylor \& Francis}
}

@article{HARDY1937,
  title={The {I}ndian mathematician {R}amanujan},
  author={Hardy, Godfrey H},
  journal={The American Mathematical Monthly},
  volume={44},
  number={3},
  pages={137--155},
  year={1937},
}


@misc{AIYARRAO1927,
  title={Srinivasa {R}amanujan (1887--1920), Collected Papers of {R}amanujan},
  author={Seshu Aiyar, PV and Rao, R.R.},
  year={1927},
  publisher={Cambridge Univ. Press, Cambridge}
}

@online{BERNDTOVERVIEW,
  title={An overview of {R}amanujan's notebooks},
  author={Berndt, B.C.},
  year = {2020},
  url = {https://faculty.math.illinois.edu/~berndt/articles/aachen.pdf},
}

@incollection{BERNDTALTERNATIVE,
  title={Ramanujan’s theories of elliptic functions to alternative bases},
  author={Berndt, B.C.},
  booktitle={Ramanujan’s Notebooks},
  pages={89--181},
  year={1998},
  publisher={Springer}
}

@article{BERNDTBOOKLIST,
  title={The books studied by {R}amanujan in {I}ndia},
  author={Berndt, Bruce C and Rankin, Robert A},
  journal={The American Mathematical Monthly},
  volume={107},
  number={7},
  pages={595--601},
  year={2000},
  publisher={Taylor \& Francis}
}

@online{VILLARINO2020,
  title={Legendre's singular modulus},
  author={Villarino, M.B.},
  year = {2020},
  url = {https://arxiv.org/abs/2002.07250},
}

@article{BARUAH2009,
  title={Ramanujan's series for 1/$\pi$: a survey},
  author={Baruah, N.D. and Berndt, B.C. and Chan, H.H.},
  journal={The American Mathematical Monthly},
  volume={116},
  number={7},
  pages={567--587},
  year={2009},
  publisher={Taylor \& Francis}
}

@article{RAMANUJAN1914,
  title={Modular equations and approximations to $\pi$},
  author={S. Ramanujan},
  journal={Quarterly journal of mathematics},
  volume={45},
  year={1914},
}


@incollection{BERNDTFLOWERS,
  title={Flowers which we cannot yet see growing 
  in {R}amanujan’s garden of hypergeometric series, 
  elliptic functions, and q’s},
  author={Berndt, B.C.},
  booktitle={Special Functions 2000: Current Perspective and Future Directions},
  pages={61--85},
  year={2001},
  publisher={Springer}
}


@article{SHEN1998,
  title={On an Identity of {R}amanujan Based on 
  The Hypergeometric Series $\,_2F_1(1/3, 2/3; 1/2; x)$},
  author={Shen, L.C.},
  journal={Journal of Number Theory},
  volume={69},
  number={2},
  pages={125--134},
  year={1998},
  publisher={Elsevier}
}

@article{SHEN2013,
  title={A note on {R}amanujan’s identities involving 
  the hypergeometric function $\,_2F_1(1/6, 5/6; 1; z)$},
  author={Shen, L.C.},
  journal={The Ramanujan Journal},
  volume={30},
  number={2},
  pages={211--222},
  year={2013},
  publisher={Springer}
}

@article{SHEN2014,
  title={On a theory of elliptic functions based on the incomplete integral 
  of the hypergeometric function $\,_2F_1(1/4, 3/4; 1/2; z)$},
  author={Shen, L.C.},
  journal={The Ramanujan Journal},
  volume={34},
  number={2},
  pages={209--225},
  year={2014},
  publisher={Springer}
}


@article{SHEN2017,
  title={On three differential equations associated with 
  {C}hebyshev polynomials of degrees 3, 4 and 6},
  author={Shen, L.C.},
  journal={Acta Mathematica Sinica, English Series},
  volume={33},
  number={1},
  pages={21--36},
  year={2017},
  publisher={Springer}
}


@book{BOSTAN2017,
  title={Calcul formel pour la combinatoire des marches},
  author={Bostan, A.},
  publisher={Universit{\'{e}} de Paris 13},
  year={2017}
}

@incollection{KZ2001,
  title={Periods},
  author={Kontsevich, M. and Zagier, D.},
  booktitle={Mathematics unlimited—2001 and beyond},
  pages={771--808},
  year={2001},
  publisher={Springer}
}

@article{LAIREZ2016,
  title={Computing periods of rational integrals},
  author={Lairez, P.},
  journal={Mathematics of computation},
  volume={85},
  number={300},
  pages={1719--1752},
  year={2016}
}


@online{SLOANE2020,
  author = {Sloane  et al., N.J.A.},
  title = {Online {E}ncyclopedia of {I}nteger {S}equences},
  year = {2020},
  url = {https://oeis.org},
}


@book{BORWEIN1987,
  title={Pi and the {AGM}: a study in the analytic number theory and computational complexity},
  author={Borwein, J.M. and Borwein, P.B.},
  year={1987},
  publisher={Wiley-Interscience}
}

@article{EDWARDS2007,
  title={A normal form for elliptic curves},
  author={Edwards, H.},
  journal={Bulletin of the American mathematical society},
  volume={44},
  number={3},
  pages={393-422},
  year={2007}
}


@book{SILVERMAN1992,
  title={Rational points on elliptic curves},
  author={Silverman, J.H. and Tate, J.T.},
  volume={9},
  year={1992},
  publisher={Springer}
}

@book{SILVERMAN2009,
  title={The arithmetic of elliptic curves},
  author={Silverman, J.H.},
  volume={106},
  year={2009},
  publisher={Springer Science \& Business Media}
}

@inproceedings{COMPLEXITY2010,
  title={Complexity of creative telescoping for bivariate rational functions},
  author={Bostan, A. and Chen, S. and Chyzak, F. and Li, Z.},
  booktitle={Proceedings of the 2010 International Symposium on Symbolic and Algebraic Computation},
  pages={203--210},
  year={2010}
}


@book{BRONSTEIN2005,
  title={Symbolic Integration I: Transcendental Functions},
  author={Bronstein, M.},
  year={2005},
  publisher={Springer}
}

@book{GRAY2010,
  title={Linear Differential Equations and Group Theory from {R}iemann to {P}oincare},
  author={Gray, J.},
  series={Modern Birkh{\"a}user Classics},
  year={2010},
  pages={185},
  publisher={Birkh{\"a}user Boston}
}

@book{POPESCU2016,
  title={What is the Genus?},
  author={Popescu-Pampu, Patrick},
  year={2016},
  publisher={Springer}
}

@inproceedings{GENUS1988,
  title={Computations with algebraic curves},
  author={Abhyankar, S.S. and Bajaj, C.L.},
  booktitle={International Symposium on Symbolic and Algebraic Computation},
  pages={274--284},
  year={1988},
  organization={Springer}
}



@online{SINGULAR2020,
  author = {University of Kaiserslautern},
  title = {Singular user manual},
  year = {2020},
  url = {https://www.singular.uni-kl.de/Manual/4-1-3/index.htm},
}

@article{DIAGONALS2015,
  title={Diagonals of rational functions and selected differential {G}alois groups},
  author={Bostan, A. and Boukra, S. and Maillard J.-M. and Weil, J.-A.},
  journal={Journal of Physics A: Mathematical and Theoretical},
  volume={48},
  number={50},
  pages={504001},
  year={2015},
  publisher={IOP Publishing}
}

@book{LL1960,
  title={Mechanics},
  author={Landau, L.D. and Lifshitz, E.M.},
  year={1960},
  publisher={Elsevier Science}
}

