@book{FEYNMAN1964,
  title={Feynman's Lost Lecture},
  author={Goodstein, D. and Goodstein, J.R.},
  year={2009},
  publisher={W. W. Norton}
}

@article {GOSPER1978,
	author = {Gosper, R. William},
	title = {Decision procedure for indefinite hypergeometric summation},
	volume = {75},
	number = {1},
	pages = {40--42},
	year = {1978},
	publisher = {National Academy of Sciences},
	journal = {Proceedings of the National Academy of Sciences}
}


@article{STANLEY1980,
  title={Differentiably finite power series},
  author={Stanley, Richard P.},
  journal={European journal of combinatorics},
  volume={1},
  number={2},
  pages={175--188},
  year={1980},
  publisher={Elsevier}
}



@article{AZ1990,
  title={The method of differentiating under the integral sign},
  author={Almkvist, G. and Zeilberger, D.},
  journal={Journal of Symbolic Computation},
  volume={10},
  number={6},
  pages={571--592},
  year={1990}
}

@book{KP2011,
  title={The Concrete Tetrahedron: Symbolic Sums, Recurrence Equations, Generating Functions, Asymptotic Estimates},
  author={Kauers, M. and Paule, P.},
  year={2011},
  publisher={Springer Vienna}
}

@incollection{KOUTSCHAN2013,
  title={Creative telescoping for holonomic functions},
  author={Koutschan, Christoph},
  booktitle={Computer Algebra in Quantum Field Theory},
  pages={171--194},
  year={2013},
  publisher={Springer}
}


@book{BOSTAN2017,
  title={Calcul formel pour la combinatoire des marches},
  author={Bostan, Alin},
  publisher={Universit{\'{e}} de Paris 13},
  year={2017}
}

@incollection{KZ2001,
  title={Periods},
  author={Kontsevich, M. and Zagier, D.},
  booktitle={Mathematics unlimitedâ€”2001 and beyond},
  pages={771--808},
  year={2001},
  publisher={Springer}
}

@misc{MMA2020,
  author = {Wolfram Research{,} Inc.},
  title = {Mathematica, {V}ersion 12.1},
  url = {https://www.wolfram.com/mathematica},
  note = {Champaign, IL},
  year={2020}
}

@article{FRANTZ2006,
  title={Some graphical solutions of the {K}epler problem},
  author={Frantz, Marc},
  journal={The American Mathematical Monthly},
  volume={113},
  number={1},
  pages={47--56},
  year={2006},
  publisher={Taylor \& Francis}
}


@book{GRAHAM1994,
  title={Concrete Mathematics: A Foundation for Computer Science},
  author={Graham, R.L.;  Knuth, D.E. and Patashnik, O.},
  year={1994},
  publisher={Addison-Wesley}
}


@article{EDWARDS2007,
  title={A normal form for elliptic curves},
  author={Edwards, Harold},
  journal={Bulletin of the American mathematical society},
  volume={44},
  number={3},
  pages={393-422},
  year={2007}
}


@article{LAIREZ2016,
  title={Computing periods of rational integrals},
  author={Lairez, Pierre},
  journal={Mathematics of computation},
  volume={85},
  number={300},
  pages={1719--1752},
  year={2016}
}

@article{TOTARO2007,
  title={Euler and algebraic geometry},
  author={Totaro, Burt},
  journal={Bulletin of the American Mathematical Society},
  volume={44},
  number={4},
  pages={541--559},
  year={2007}
}
  
@incollection{ZAGIER2009,
  title={Integral solutions of {A}p{\'e}ry-like recurrence equations},
  author={Zagier, Don},
  booktitle={Groups and Symmetries: from Neolithic Scots to {J}ohn {M}cKay},
  volume={47},
  pages={349--366},
  year={2009}
}

@article{BEUKERS2000,
  title={A rational approach to pi},
  author={Beukers, Frits},
  journal={Nieuw archief voor wiskunde},
  volume={1},
  number={4},
  pages={372--379},
  year={2000}
}

  
  
  
@book{HARTER2019,
  title={Classical Mechanics with a Bang!},
  author={Harter, William G.},
  year={2019},
  publisher={University of Arkansas}
}

@book{HELLER2018,
  title={The Semiclassical Way to Dynamics and Spectroscopy},
  author={Heller, Eric J.},
  year={2018},
  publisher={Princeton University Press}
}

@book{LL1960,
  title={Mechanics},
  author={Landau, L.D. and Lifshitz, E.M.},
  year={1960},
  publisher={Elsevier Science}
}

@book{MEEUS1991,
  title={Astronomical Algorithms},
  author={Meeus, Jean},
  year={1991},
  publisher={Willmann-Bell}
}

@online{KLEE2020Pendulum,
  author = {Klee, Bradley J.},
  title = {An Alternative Theory of Simple Pendulum Libration},
  year = {2020},
  url = {https://github.com/bradklee/Dissertation/tree/master/SimplePendulum},
}

@article{AB2016,
 title = {Gauss, {L}anden, {R}amanujan, the Arithmetic-Geometric Mean, Ellipses, $\pi$, and the Ladies Diary},
 author = {Almkvist, G. and Berndt, B.},
 journal = {The American Mathematical Monthly},
 number = {7},
 pages = {585--608},
 publisher = {Mathematical Association of America},
 volume = {95},
 year = {1988}
 }

@book{CHILD1991,
  title={Semiclassical Mechanics with Molecular Applications},
  author={Child, M.S.},
  year={1991},
  publisher={Oxford University Press}
}

@book{GREINER1994,
  title={Quantum Mechanics: An Introduction},
  author={Greiner, Walter},
  year={1994},
  publisher={Springer Berlin Heidelberg}
}



@book{HELLER2018,
  title={The Semiclassical Way to Dynamics and Spectroscopy},
  author={Heller, Eric J.},
  year={2018},
  publisher={Princeton University Press}
}


@incollection{HARTER2006,
  title={Molecular symmetry and dynamics},
  author={Harter, William},
  booktitle={Springer Handbook of Atomic, Molecular, and Optical Physics},
  pages={491--513},
  year={2006}
}


@article{HP1984,
  title={Rotational energy surfaces and high-J eigenvalue structure of polyatomic molecules},
  author={Harter, W.G. and Patterson, C.W.},
  journal={The Journal of chemical physics},
  volume={80},
  number={9},
  pages={4241--4261},
  year={1984},
  publisher={American Institute of Physics}
}


@article{HW1989,
  title={Rotation--vibration spectra of icosahedral molecules. I. Icosahedral symmetry analysis and fine structure},
  author={Harter, W.G. and Weeks, D.E.},
  journal={The Journal of chemical physics},
  volume={90},
  number={9},
  pages={4727--4743},
  year={1989},
  publisher={American Institute of Physics}
}



@book{AH2001,
  title={$\pi$ - Unleashed},
  author={Arndt, J. and Haenel, C.},
  year={2001},
  publisher={Springer Berlin Heidelberg}
}



@online{SLOANE2019,
  author = {Sloane  et al., N.J.A.},
  title = {Online {E}ncyclopedia of {I}nteger {S}equences},
  year = {2019},
  url = {https://oeis.org},
}

@article{AZ2004,
  title={Differential equations, mirror maps and zeta values},
  author={Almkvist, Gert and Zudilin, Wadim},
  year={2004},
  url={https://arxiv.org/abs/math/0402386}
}


@online{EULER2019,
  author={M.A.A.},
  title={Euler Archives},
  year={2019},
  url={http://eulerarchive.maa.org/},
}

