@book{WW1902,
  title={A Course of Modern Analysis},
  author={Whittaker, E.T. and Watson, G.N.},
  year={1902},
  publisher={Cambridge University Press}
}

@book{WHITTAKER1904,
  title={A Treatise on the Analytical Dynamics of Particles and Rigid Bodies},
  author={Whittaker, E.T.},
  year={1904},
  publisher={Cambridge University Press}
}

@book{SOMMERFELD1921,
  title={Atombau und Spektrallinien},
  author={Sommerfeld, A.},
  year={1921},
  publisher={F. Vieweg \& Sohn}
}


@book{GRAY2010,
  title={Linear Differential Equations and Group Theory from Riemann to Poincare},
  author={Gray, J.},
  series={Modern Birkh{\"a}user Classics},
  year={2010},
  pages={185},
  publisher={Birkh{\"a}user Boston}
}

@book{FEYNMAN1963,
  title={The Feynman Lectures on Physics},
  author={Feynman, R.P. and Leighton, R.B. and Sands, M.L.},  
  year={1963},
  publisher={Addison-Wesley}
  }

@incollection{KZ2001,
  title={Periods},
  author={Kontsevich, Maxim and Zagier, Don},
  booktitle={Mathematics unlimitedâ€”2001 and beyond},
  pages={771--808},
  year={2001},
  publisher={Springer}
}

@book{GRAHAM1994,
  title={Concrete Mathematics: A Foundation for Computer Science},
  author={Graham, R.L.;  Knuth, D.E. and Patashnik, O.},
  year={1994},
  publisher={Addison-Wesley}
}


@article{EDWARDS2007,
  title={A normal form for elliptic curves},
  author={Edwards, Harold},
  journal={Bulletin of the American mathematical society},
  volume={44},
  number={3},
  pages={393-422},
  year={2007}
}

@book{STROGATZ2018,
  title={Nonlinear Dynamics and Chaos: With Applications to Physics, Biology, Chemistry, and Engineering},
  author={Strogatz, Steven},
  year={2018},
  publisher={CRC Press}
}

@book{STROGATZ2019,
  title={Infinite Powers: How Calculus Reveals the Secrets of the Universe},
  author={Strogatz, Steven},
  year={2019},
  publisher={Houghton Mifflin Harcourt}
}

@book{POPESCU2016,
  title={What is the Genus?},
  author={Popescu-Pampu, Patrick},
  year={2016},
  publisher={Springer}
}

@article{NOLTE2010,
  title={The tangled tale of phase space},
  author={Nolte, David D.},
  journal={Physics today},
  volume={63},
  number={4},
  pages={33-38},
  year={2010}
}

@article{DUTKA84,
  title={The early history of the hypergeometric function},
  author={Dutka, Jacques},
  journal={Archive for History of Exact Sciences},
  volume={31},
  number={1},
  pages={15-34},
  year={1984},
  publisher={Springer}}
  
@book{HARTER2019,
  title={Classical Mechanics with a Bang!},
  author={Harter, William G.},
  year={2019},
  publisher={University of Arkansas}
}

@book{HELLER2018,
  title={The Semiclassical Way to Dynamics and Spectroscopy},
  author={Heller, Eric J.},
  year={2018},
  publisher={Princeton University Press}
}

@book{LL1982,
  title={Mechanics},
  author={Landau, L.D. and Lifshitz, E.M.},
  year={1982},
  publisher={Elsevier Science}
}

@online{DBTL2014,
  author = {Bernstein, D. and Lange, T. },
  title = {{ECC}Hacks: A gentle introduction to elliptic-curve cryptography},
  publisher={Chaos {C}ommunication {C}ongresss},
  year = 2014,
  url = {https://media.ccc.de/v/31c3_-_6369_-_en_-_saal_1_-_201412272145_-_ecchacks_-_djb_-_tanja_lange},
}

@online{SLOANE2019,
  author = {Sloane  et al., N.J.A.},
  title = {Online {E}ncyclopedia of {I}nteger {S}equences},
  year = 2019,
  url = {https://oeis.org},
}

@online{EULER2019,
  author = {Mathematical Association of America},
  title = {Euler Archives},
  year = 2019,
  url = {http://eulerarchive.maa.org/},
}

@online{DBTL2014,
  author = {Bernstein, D. and Lange, T. },
  title = {{ECC}Hacks: A gentle introduction to elliptic-curve cryptography},
  publisher={Chaos {C}ommunication {C}ongresss},
  year = 2014,
  url = {https://media.ccc.de/v/31c3_-_6369_-_en_-_saal_1_-_201412272145_-_ecchacks_-_djb_-_tanja_lange},
}